<?xml version="1.0" encoding="UTF-8"?><record xmlns="http://www.loc.gov/MARC21/slim" xmlns:cinclude="http://apache.org/cocoon/include/1.0" xmlns:zs="http://www.loc.gov/zing/srw/">
  <leader>00405nz  a2200133n  4500</leader>
  <controlfield tag="001">n  91107066 </controlfield>
  <controlfield tag="003">DLC</controlfield>
  <controlfield tag="005">19911022091830.3</controlfield>
  <controlfield tag="008">911022n| acannaab|          |a aaa |||  </controlfield>
  <datafield tag="010" ind1=" " ind2=" ">
    <subfield code="a">n  91107066 </subfield>
  </datafield>
  <datafield tag="040" ind1=" " ind2=" ">
    <subfield code="a">DLC</subfield>
    <subfield code="c">DLC</subfield>
  </datafield>
  <datafield tag="100" ind1="0" ind2="0">
    <subfield code="a">Wō̜rathat Watcharawasī</subfield>
  </datafield>
  <datafield tag="400" ind1="1" ind2="0">
    <subfield code="a">Watcharawasī, Wō̜rathat</subfield>
  </datafield>
  <datafield tag="670" ind1=" " ind2=" ">
    <subfield code="a">His Phutthathāt Phikkhu, phūwāng rākthān ... 1989:</subfield>
    <subfield code="b">t.p. (Wō̜rathat Watcharawasī)</subfield>
  </datafield>
</record>